<record xmlns="http://www.openarchives.org/OAI/2.0/" xmlns:xsi="http://www.w3.org/2001/XMLSchema-instance">
  <header>
    <identifier>oai:www.openaccessrepository.it:7189</identifier>
    <datestamp>2016-06-29T14:35:13Z</datestamp>
    <setSpec>dataset:aleph</setSpec>
    <setSpec>openaire</setSpec>
  </header>
  <metadata>irods://data.repo.cineca.it:1247/CINECA01/home/DRES_EUDalep/dati/ZD4001.23.AL,11100/2bf30d5e-cbe7-11e3-83a8-e41f13eb41b2
eng<marc:record xmlns:marc="http://www.loc.gov/MARC21/slim" xmlns:xsi="http://www.w3.org/2001/XMLSchema-instance" xsi:schemaLocation="http://www.loc.gov/MARC21/slim http://www.loc.gov/standards/marcxml/schema/MARC21slim.xsd" type="Bibliographic"><marc:leader>00000coc  2200000uu 4500</marc:leader><marc:controlfield tag="001">7189</marc:controlfield><marc:controlfield tag="005">20160629143513.0</marc:controlfield><marc:datafield tag="024" ind1="7" ind2=" "><marc:subfield code="2">Handle</marc:subfield><marc:subfield code="a">irods://data.repo.cineca.it:1247/CINECA01/home/DRES_EUDalep/dati/ZD4001.23.AL,11100/2bf30d5e-cbe7-11e3-83a8-e41f13eb41b2
</marc:subfield></marc:datafield><marc:datafield tag="245" ind1=" " ind2=" "><marc:subfield code="9">ALEPH</marc:subfield><marc:subfield code="a">LEP Data from The ALEPH Collaboration year 2000 datafile ZD4001.23.AL</marc:subfield></marc:datafield><marc:datafield tag="260" ind1=" " ind2=" "><marc:subfield code="c">2014-09-01</marc:subfield></marc:datafield><marc:datafield tag="520" ind1=" " ind2=" "><marc:subfield code="9">ALEPH</marc:subfield><marc:subfield code="a">Run contents for this data file &lt;table border="1"&gt; &lt;tr&gt; &lt;th&gt;Run #&lt;/th&gt;&lt;th&gt;Nevents&lt;/th&gt;&lt;th&gt;Length (Mb)&lt;/th&gt;&lt;th&gt;LEP energy&lt;/th&gt;&lt;th&gt;Nb of Z0s&lt;/th&gt;&lt;/tr&gt; &lt;tr&gt; &lt;td&gt;56321&lt;/td&gt;&lt;td&gt;2784&lt;/td&gt;&lt;td&gt;5.681&lt;/td&gt;&lt;td&gt;207.803&lt;/td&gt;&lt;td&gt;-1&lt;/td&gt;&lt;/tr&gt; &lt;tr&gt; &lt;td&gt;56323&lt;/td&gt;&lt;td&gt;4656&lt;/td&gt;&lt;td&gt;10.939&lt;/td&gt;&lt;td&gt;205.195&lt;/td&gt;&lt;td&gt;5&lt;/td&gt;&lt;/tr&gt; &lt;tr&gt; &lt;td&gt;56324&lt;/td&gt;&lt;td&gt;718&lt;/td&gt;&lt;td&gt;1.493&lt;/td&gt;&lt;td&gt;207.767&lt;/td&gt;&lt;td&gt;2&lt;/td&gt;&lt;/tr&gt; &lt;tr&gt; &lt;td&gt;56327&lt;/td&gt;&lt;td&gt;2406&lt;/td&gt;&lt;td&gt;6.421&lt;/td&gt;&lt;td&gt;205.189&lt;/td&gt;&lt;td&gt;5&lt;/td&gt;&lt;/tr&gt; &lt;tr&gt; &lt;td&gt;56328&lt;/td&gt;&lt;td&gt;258&lt;/td&gt;&lt;td&gt;0.644&lt;/td&gt;&lt;td&gt;206.314&lt;/td&gt;&lt;td&gt;-1&lt;/td&gt;&lt;/tr&gt; &lt;tr&gt; &lt;td&gt;56329&lt;/td&gt;&lt;td&gt;4782&lt;/td&gt;&lt;td&gt;12.645&lt;/td&gt;&lt;td&gt;206.371&lt;/td&gt;&lt;td&gt;8&lt;/td&gt;&lt;/tr&gt; &lt;tr&gt; &lt;td&gt;56331&lt;/td&gt;&lt;td&gt;4680&lt;/td&gt;&lt;td&gt;11.271&lt;/td&gt;&lt;td&gt;205.180&lt;/td&gt;&lt;td&gt;11&lt;/td&gt;&lt;/tr&gt; &lt;tr&gt; &lt;td&gt;56332&lt;/td&gt;&lt;td&gt;16725&lt;/td&gt;&lt;td&gt;39.637&lt;/td&gt;&lt;td&gt;206.336&lt;/td&gt;&lt;td&gt;20&lt;/td&gt;&lt;/tr&gt; &lt;tr&gt; &lt;td&gt;56334&lt;/td&gt;&lt;td&gt;21275&lt;/td&gt;&lt;td&gt;53.597&lt;/td&gt;&lt;td&gt;205.187&lt;/td&gt;&lt;td&gt;34&lt;/td&gt;&lt;/tr&gt; &lt;tr&gt; &lt;td&gt;56335&lt;/td&gt;&lt;td&gt;8419&lt;/td&gt;&lt;td&gt;20.278&lt;/td&gt;&lt;td&gt;206.579&lt;/td&gt;&lt;td&gt;6&lt;/td&gt;&lt;/tr&gt; &lt;tr&gt; &lt;td&gt;56338&lt;/td&gt;&lt;td&gt;3474&lt;/td&gt;&lt;td&gt;9.469&lt;/td&gt;&lt;td&gt;205.183&lt;/td&gt;&lt;td&gt;2&lt;/td&gt;&lt;/tr&gt; &lt;tr&gt; &lt;td&gt;56339&lt;/td&gt;&lt;td&gt;12033&lt;/td&gt;&lt;td&gt;29.312&lt;/td&gt;&lt;td&gt;206.588&lt;/td&gt;&lt;td&gt;13&lt;/td&gt;&lt;/tr&gt; &lt;tr&gt; &lt;td&gt;56341&lt;/td&gt;&lt;td&gt;4802&lt;/td&gt;&lt;td&gt;10.716&lt;/td&gt;&lt;td&gt;205.202&lt;/td&gt;&lt;td&gt;4&lt;/td&gt;&lt;/tr&gt; &lt;tr&gt; &lt;td&gt;56342&lt;/td&gt;&lt;td&gt;8971&lt;/td&gt;&lt;td&gt;23.839&lt;/td&gt;&lt;td&gt;206.378&lt;/td&gt;&lt;td&gt;14&lt;/td&gt;&lt;/tr&gt; &lt;tr&gt; &lt;td&gt;56343&lt;/td&gt;&lt;td&gt;761&lt;/td&gt;&lt;td&gt;1.417&lt;/td&gt;&lt;td&gt;207.701&lt;/td&gt;&lt;td&gt;-1&lt;/td&gt;&lt;/tr&gt; &lt;tr&gt; &lt;td&gt;56345&lt;/td&gt;&lt;td&gt;1831&lt;/td&gt;&lt;td&gt;4.602&lt;/td&gt;&lt;td&gt;205.170&lt;/td&gt;&lt;td&gt;1&lt;/td&gt;&lt;/tr&gt; &lt;tr&gt; &lt;td&gt;56346&lt;/td&gt;&lt;td&gt;3661&lt;/td&gt;&lt;td&gt;4.705&lt;/td&gt;&lt;td&gt;206.355&lt;/td&gt;&lt;td&gt;3&lt;/td&gt;&lt;/tr&gt; &lt;tr&gt; &lt;td&gt;56349&lt;/td&gt;&lt;td&gt;3009&lt;/td&gt;&lt;td&gt;7.562&lt;/td&gt;&lt;td&gt;205.180&lt;/td&gt;&lt;td&gt;3&lt;/td&gt;&lt;/tr&gt; &lt;tr&gt; &lt;td&gt;56350&lt;/td&gt;&lt;td&gt;13026&lt;/td&gt;&lt;td&gt;33.436&lt;/td&gt;&lt;td&gt;206.374&lt;/td&gt;&lt;td&gt;14&lt;/td&gt;&lt;/tr&gt; &lt;tr&gt; &lt;td&gt;56351&lt;/td&gt;&lt;td&gt;5621&lt;/td&gt;&lt;td&gt;12.616&lt;/td&gt;&lt;td&gt;207.825&lt;/td&gt;&lt;td&gt;3&lt;/td&gt;&lt;/tr&gt; &lt;tr&gt; &lt;td&gt;56355&lt;/td&gt;&lt;td&gt;4688&lt;/td&gt;&lt;td&gt;11.885&lt;/td&gt;&lt;td&gt;205.181&lt;/td&gt;&lt;td&gt;6&lt;/td&gt;&lt;/tr&gt; &lt;tr&gt;&lt;/table&gt; Total file length :   305.594 Mbytes</marc:subfield></marc:datafield><marc:datafield tag="695" ind1=" " ind2=" "><marc:subfield code="2">HEP CERN LEP ALEPH MINI RealData 2000</marc:subfield></marc:datafield><marc:datafield tag="710" ind1=" " ind2=" "><marc:subfield code="g">ALEPH Collaboration</marc:subfield></marc:datafield><marc:datafield tag="856" ind1="4" ind2=" "><marc:subfield code="u">irods://data.repo.cineca.it:1247/CINECA01/home/DRES_EUDalep/dati/ZD4001.23.AL</marc:subfield><marc:subfield code="y">ALEPH</marc:subfield></marc:datafield><marc:datafield tag="909" ind1="C" ind2="O"><marc:subfield code="o">oai:www.openaccessrepository.it:7189</marc:subfield><marc:subfield code="p">openaire</marc:subfield><marc:subfield code="p">dataset:aleph</marc:subfield></marc:datafield><marc:datafield tag="650" ind1="1" ind2="7"><marc:subfield code="a">High Energy Physics</marc:subfield></marc:datafield><marc:datafield tag="269" ind1=" " ind2=" "><marc:subfield code="c">2000</marc:subfield></marc:datafield><marc:datafield tag="500" ind1=" " ind2=" "><marc:subfield code="f">ALEPH - INFN</marc:subfield></marc:datafield><marc:datafield tag="980" ind1=" " ind2=" "><marc:subfield code="a">DATASETREALDATA</marc:subfield></marc:datafield><marc:datafield tag="999" ind1=" " ind2=" "><marc:subfield code="9">Marcello Maggi</marc:subfield><marc:subfield code="c">1515644344</marc:subfield><marc:subfield code="s">313959960</marc:subfield></marc:datafield><marc:datafield tag="999" ind1="C" ind2="5"><marc:subfield code="t">Search for neutral Higgs bosons decaying into four taus at LEP2</marc:subfield><marc:subfield code="a">10.1007/JHEP05(2010)049</marc:subfield><marc:subfield code="y">2010</marc:subfield><marc:subfield code="o">[1]</marc:subfield><marc:subfield code="r">PUBLICATIONINFN-2014-001</marc:subfield><marc:subfield code="o">[1]</marc:subfield></marc:datafield><marc:datafield tag="999" ind1="C" ind2="5"><marc:subfield code="a">10.5072/oar.it/1411041136.04 </marc:subfield><marc:subfield code="t">ALEPH SCL5 Virtual Machine for Research Environment</marc:subfield><marc:subfield code="r">SOFTWAREALEPH-2014-001</marc:subfield><marc:subfield code="o">[2]</marc:subfield></marc:datafield><marc:datafield tag="041" ind1=" " ind2=" "><marc:subfield code="a">eng</marc:subfield></marc:datafield><marc:datafield tag="042" ind1=" " ind2=" "><marc:subfield code="a">Researchers</marc:subfield></marc:datafield><marc:datafield tag="043" ind1=" " ind2=" "><marc:subfield code="a">info:eu-repo/semantics/other</marc:subfield></marc:datafield><marc:datafield tag="100" ind1=" " ind2=" "><marc:subfield code="a">Marcello Maggi</marc:subfield></marc:datafield></marc:record>
</metadata>
</record>
